% Use this file for citations not found in the ACL Anthology (contained in "anthology.bib").

@book{molnar2020interpretable,
  author    = {Christoph Molnar},
  title     = {Interpretable Machine Learning: A Guide for Making Black Box Models Explainable},
  year      = {2020},
  publisher = {Self-Published},
  note      = {https://christophm.github.io/interpretable-ml-book/}
}
@inproceedings{koh2017understanding,
  author    = {Pang Wei Koh and Percy Liang},
  title     = {Understanding Black-box Predictions via Influence Functions},
  booktitle = {Proceedings of the 34th International Conference on Machine Learning (ICML)},
  year      = {2017},
  pages     = {1885--1894},
  publisher = {PMLR},
  volume    = {70},
  url       = {https://proceedings.mlr.press/v70/koh17a.html}
}
@inproceedings{agarwal2017second,
  author    = {Naman Agarwal and Brian Bullins and Elad Hazan},
  title     = {Second-Order Stochastic Optimization for Machine Learning in Linear Time},
  booktitle = {Proceedings of the 34th International Conference on Machine Learning (ICML)},
  year      = {2017},
  pages     = {70--78},
  publisher = {PMLR},
  volume    = {70},
  url       = {https://proceedings.mlr.press/v70/agarwal17a.html}
}
@book{jurafsky2023speech,
  author    = {Dan Jurafsky and James H. Martin},
  title     = {Speech and Language Processing},
  edition   = {3rd (draft)},
  year      = {2023},
  note      = {Available online: \url{https://web.stanford.edu/~jurafsky/slp3/}}
}

@article{ben-zaken-2021-bitfit,
  title={BitFit: Simple Parameter-efficient Fine-tuning for Transformer-based Masked Language-models},
  author={Elad Ben-Zaken and Shauli Ravfogel and Yoav Goldberg},
  journal={arXiv preprint arXiv:2106.10199},
  year={2021}
}
@inproceedings{bergstra2011hyperparameter,
  author    = {James Bergstra and R{\'e}mi Bardenet and Yoshua Bengio and Bal{\'a}zs K{\'e}gl},
  title     = {Algorithms for Hyper-Parameter Optimization},
  booktitle = {Advances in Neural Information Processing Systems (NeurIPS)},
  volume    = {24},
  year      = {2011},
  url       = {https://proceedings.neurips.cc/paper/2011/file/86e8f7ab32cfd12577bc261e6074f9a2-Paper.pdf}
}
@inproceedings{10.1145/3292500.3330701,
author = {Akiba, Takuya and Sano, Shotaro and Yanase, Toshihiko and Ohta, Takeru and Koyama, Masanori},
title = {Optuna: A Next-generation Hyperparameter Optimization Framework},
year = {2019},
isbn = {9781450362016},
publisher = {Association for Computing Machinery},
address = {New York, NY, USA},
url = {https://doi.org/10.1145/3292500.3330701},
doi = {10.1145/3292500.3330701},
booktitle = {Proceedings of the 25th ACM SIGKDD International Conference on Knowledge Discovery \& Data Mining},
pages = {2623–2631},
numpages = {9},
keywords = {Bayesian optimization, black-box optimization, hyperparameter optimization, machine learning system},
location = {Anchorage, AK, USA},
series = {KDD '19}
}
@misc{liu2022fewshotparameterefficientfinetuningbetter,
      title={Few-Shot Parameter-Efficient Fine-Tuning is Better and Cheaper than In-Context Learning}, 
      author={Haokun Liu and Derek Tam and Mohammed Muqeeth and Jay Mohta and Tenghao Huang and Mohit Bansal and Colin Raffel},
      year={2022},
      eprint={2205.05638},
      archivePrefix={arXiv},
      primaryClass={cs.LG},
      url={https://arxiv.org/abs/2205.05638}, 
}
@article{albalak2023survey,
  title={A Survey on Data Selection for Language Models},
  author={Alon Albalak},
  journal={arXiv preprint arXiv:2301.05290},
  year={2023}
}
@article{wu2018moleculenet,
  author    = {Zhenqin Wu and Bharath Ramsundar and Evan N. Feinberg and Joseph Gomes and Caleb Geniesse and Aneesh S. Pappu and Karl Leswing and Vijay Pande},
  title     = {{MoleculeNet}: A Benchmark for Molecular Machine Learning},
  journal   = {Chemical Science},
  year      = {2018},
  volume    = {9},
  number    = {2},
  pages     = {513--530},
  doi       = {10.1039/C7SC02664A}
}
@article{yang2023small,
  title={SmallToLarge (S2L): Scalable Data Selection for Fine-tuning Large Language Models by Summarizing Training Trajectories of Small Models},
  author={Yu Yang and Siddhartha Mishra and Jeffrey N. Chiang and Baharan Mirzasoleiman},
  journal={arXiv preprint arXiv:2305.14859},
  year={2023}
}
@article{ross2022large,
  author    = {Jerret Ross and Brian Belgodere and Vijil Chenthamarakshan and Inkit Padhi and Youssef Mroueh and Payel Das},
  title     = {Large-Scale Chemical Language Representations Capture Molecular Structure and Properties},
  journal   = {arXiv},
  year      = {2022},
  volume    = {abs/2210.01799},
  url       = {https://arxiv.org/abs/2210.01799}
}
@article{hu2021lora,
  title={LoRA: Low-Rank Adaptation of Large Language Models},
  author={Hu, Edward J and Shen, Yelong and Wallis, Phillip and Allen-Zhu, Zeyuan and Li, Yuanzhi and Wang, Shean and Wang, Lu and Chen, Weizhu},
  journal={arXiv preprint arXiv:2106.09685},
  year={2021}
}
@inproceedings{NEURIPS2019_bdbca288,
 author = {Paszke, Adam and Gross, Sam and Massa, Francisco and Lerer, Adam and Bradbury, James and Chanan, Gregory and Killeen, Trevor and Lin, Zeming and Gimelshein, Natalia and Antiga, Luca and Desmaison, Alban and Kopf, Andreas and Yang, Edward and DeVito, Zachary and Raison, Martin and Tejani, Alykhan and Chilamkurthy, Sasank and Steiner, Benoit and Fang, Lu and Bai, Junjie and Chintala, Soumith},
 booktitle = {Advances in Neural Information Processing Systems},
 editor = {H. Wallach and H. Larochelle and A. Beygelzimer and F. d\textquotesingle Alch\'{e}-Buc and E. Fox and R. Garnett},
 pages = {},
 publisher = {Curran Associates, Inc.},
 title = {PyTorch: An Imperative Style, High-Performance Deep Learning Library},
 url = {https://proceedings.neurips.cc/paper_files/paper/2019/file/bdbca288fee7f92f2bfa9f7012727740-Paper.pdf},
 volume = {32},
 year = {2019}
}
@article{sultan2024transformers,
  title     = {Transformers for Molecular Property Prediction: Lessons Learned from the Past Five Years},
  author    = {Sultan, Afnan and Sieg, Jochen and Mathea, Miriam and Volkamer, Andrea},
  journal   = {Journal of Chemical Information and Modeling},
  volume    = {64},
  number    = {16},
  pages     = {6259--6280},
  year      = {2024},
  doi       = {10.1021/acs.jcim.4c00747},
  url       = {https://pubs.acs.org/doi/10.1021/acs.jcim.4c00747}
}
@article{lin2023optimal,
  author    = {Yong Lin and Chen Liu and Chenlu Ye and Qing Lian and Yuan Yao and Tong Zhang},
  title     = {Optimal Sample Selection Through Uncertainty Estimation and Its Application in Deep Learning},
  journal   = {arXiv preprint arXiv:2309.02476},
  year      = {2023},
  url       = {https://arxiv.org/abs/2309.02476}
}
@article{nigam2021assigning,
  author    = {Akshat Kumar Nigam and Robert Pollice and Matthew F. D. Hurley and Riley J. Hickman and Matteo Aldeghi and Naruki Yoshikawa and Seyone Chithrananda and Vincent A. Voelz and Alán Aspuru-Guzik},
  title     = {Assigning Confidence to Molecular Property Prediction},
  journal   = {Expert Opinion on Drug Discovery},
  volume    = {16},
  number    = {9},
  pages     = {1009-1023},
  year      = {2021},
  publisher = {Taylor \& Francis},
  doi       = {10.1080/17460441.2021.1925247},
  url       = {https://www.tandfonline.com/doi/full/10.1080/17460441.2021.1925247}
}

@misc{ross2022largescalechemicallanguagerepresentations,
      title={Large-Scale Chemical Language Representations Capture Molecular Structure and Properties}, 
      author={Jerret Ross and Brian Belgodere and Vijil Chenthamarakshan and Inkit Padhi and Youssef Mroueh and Payel Das},
      year={2022},
      eprint={2106.09553},
      archivePrefix={arXiv},
      primaryClass={cs.LG},
      url={https://arxiv.org/abs/2106.09553}, 
}

